@inproceedings{hebi-syntactic-patching,
title={Enabling Dynamic Analysis for Partial Programs Via Syntactic Patching},
author={Li, Hebi and Le, Wei},
booktitle={In submission to FSE-18}
}
